@inproceedings{msr17challenge,
 title={TravisTorrent: Synthesizing Travis CI and GitHub for Full-Stack Research on Continuous Integration},
 author={Beller, Moritz and Gousios, Georgios and Zaidman, Andy},
 booktitle={Proceedings of the 14th working conference on mining software repositories},
 preprint={http://www.st.ewi.tudelft.nl/~mbeller/publications/2017_beller_gousios_zaidman_travistorrent_synthesizing_travis_ci_and_github_for_full-stack_research_on_continuous_integration.pdf},
 year={2017}
}

@inproceedings{islam2017insights,
  title={Insights into continuous integration build failures},
  author={Islam, Md Rakibul and Zibran, Minhaz F},
  booktitle={2017 IEEE/ACM 14th International Conference on Mining Software Repositories (MSR)},
  pages={467--470},
  year={2017},
  organization={IEEE}
}

@inproceedings{orellana2017differences,
  title={On the differences between unit and integration testing in the travistorrent dataset},
  author={Orellana, Gerardo and Laghari, Gulsher and Murgia, Alessandro and Demeyer, Serge},
  booktitle={2017 IEEE/ACM 14th International Conference on Mining Software Repositories (MSR)},
  pages={451--454},
  year={2017},
  organization={IEEE}
}

@inproceedings{ni2017cost,
  title={Cost-effective build outcome prediction using cascaded classifiers},
  author={Ni, Ansong and Li, Ming},
  booktitle={2017 IEEE/ACM 14th International Conference on Mining Software Repositories (MSR)},
  pages={455--458},
  year={2017},
  organization={IEEE}
}

@inproceedings{zampetti2017open,
  title={How open source projects use static code analysis tools in continuous integration pipelines},
  author={Zampetti, Fiorella and Scalabrino, Simone and Oliveto, Rocco and Canfora, Gerardo and Di Penta, Massimiliano},
  booktitle={2017 IEEE/ACM 14th International Conference on Mining Software Repositories (MSR)},
  pages={334--344},
  year={2017},
  organization={IEEE}
}

@inproceedings{bisong2017built,
  title={Built to last or built too fast? evaluating prediction models for build times},
  author={Bisong, Ekaba and Tran, Eric and Baysal, Olga},
  booktitle={2017 IEEE/ACM 14th International Conference on Mining Software Repositories (MSR)},
  pages={487--490},
  year={2017},
  organization={IEEE}
}

@inproceedings{machalica2019predictive,
  title={Predictive test selection},
  author={Machalica, Mateusz and Samylkin, Alex and Porth, Meredith and Chandra, Satish},
  booktitle={2019 IEEE/ACM 41st International Conference on Software Engineering: Software Engineering in Practice (ICSE-SEIP)},
  pages={91--100},
  year={2019},
  organization={IEEE}
}

@inproceedings{brandt2020logchunks,
	Author = {Brandt, Carolin E. and Panichella, Annibale and Zaidman, Andy and Beller, Moritz},
	Booktitle = {17th International Conference on Mining Software Repositories (MSR)},
	Organization = {ACM},
	Title = {LogChunks: A Data Set for Build Log Analysis},
	Year = {2020}
}

@article{petersen2015guidelines,
    Author = {Petersen, Kai and Vakkalanka, Sairam and Kuzniarz, Ludwik},
    Journal = {Information and Software Technology},
    Pages = {1--18},
    Title = {Guidelines for conducting systematic mapping studies in software engineering: An update},
    Volume = {64},
    Year = {2015}
}

@inproceedings{amar2019mining,
	Author = {Amar, Anunay and Rigby, Peter C},
	Booktitle = {Proceedings of the 41st International Conference on Software Engineering (ICSE)},
	Organization = {IEEE},
	Pages = {140--151},
	Title = {Mining Historical Test Logs to Predict Bugs and Localize Faults in the Test Logs},
	Year = {2019}
}

@misc{azure2019custom,
	Howpublished = {https://docs.microsoft.com/de-de/azure/azure-monitor/platform/custom-fields},
	Title = {Create Custom Fields in a Log Analytics Workspace in Azure Monitor}
}

@inproceedings{beller2017oops,
	Author = {Beller, Moritz and Gousios, Georgios and Zaidman, Andy},
	Title = {Oops, My Tests Broke the Build: An Explorative Analysis of Travis CI with GitHub},
	Booktitle = {Proceedings of the 14th IEEE/ACM International Conference on Mining Software Repositories (MSR)},
	Year = {2017},
	Editor = {},
	Volume = {},
	Pages = {356--367},
	Number = {},
	Organization = {IEEE},
	Series = {},
	Publisher = {},
	Address = {},
	Month = {},
}

@inproceedings{beller2017travistorrent,
	Author = {Beller, Moritz and Gousios, Georgios and Zaidman, Andy},
	Title = {TravisTorrent: Synthesizing Travis CI and GitHub for Full-Stack Research on Continuous Integration},
	Booktitle = {Proceedings of the 14th IEEE/ACM International Conference on Mining Software Repositories (MSR)},
	Year = {2017},
	Editor = {},
	Volume = {},
	Pages = {447--450},
	Number = {},
	Organization = {IEEE},
	Series = {},
	Publisher = {},
	Address = {},
	Month = {},
}

@inproceedings{downs2012ambient,
	Author = {Downs, John and Plimmer, Beryl and Hosking, John G},
	Title = {Ambient Awareness of Build Status in Collocated Software Teams},
	Booktitle = {Proceedings of the 34th International Conference on Software Engineering (ICSE)},
	Year = {2012},
	Editor = {},
	Volume = {},
	Pages = {507--517},
	Number = {},
	Organization = {IEEE},
	Series = {},
	Publisher = {},
	Address = {},
	Month = {},
}

@book{duvall2007continuous,
	Title = {Continuous Integration: Improving Software Quality and Reducing Risk},
	Publisher = {Pearson Education},
	Year = {2007},
	Author = {Duvall, Paul M and Matyas, Steve and Glover, Andrew},
	Editor = {},
	Volume = {},
	Number = {},
	Series = {},
	Address = {},
	Edition = {},
	Month = {},
}

@misc{excel2019flashfill,
	Title = {Excel FlashFill},
	Howpublished = {https://support.office.com/en-us/article/using-flash-fill-in-excel-3f9bcf1e-db93-4890-94a0-1578341f73f7},
	Author = {},
	Month = {},
	Year = {},
}

@article{ghaleb2019studying,
	Author = {Ghaleb, Taher Ahmed and da Costa, Daniel Alencar and Zou, Ying and Hassan, Ahmed E.},
	Title = {Studying the Impact of Noises in Build Breakage Data},
	Journal = {IEEE Transactions on Software Engineering},
	Year = {2019},
	Volume = {},
	Number = {},
	Pages = {1--14},
	Month = {},
}

@inproceedings{he2016evaluation,
	Author = {He, Pinjia and Zhu, Jieming and He, Shilin and Li, Jian and Lyu, Michael R},
	Title = {An Evaluation Study on Log Parsing and Its Use in Log Mining},
	Booktitle = {Proceedings of the 46th Annual IEEE/IFIP International Conference on Dependable Systems and Networks (DSN)},
	Year = {2016},
	Editor = {},
	Volume = {},
	Pages = {654--661},
	Number = {},
	Organization = {IEEE},
	Series = {},
	Publisher = {},
	Address = {},
	Month = {},
}

@article{he2017towards,
	Author = {He, Pinjia and Zhu, Jieming and He, Shilin and Li, Jian and Lyu, Michael R},
	Title = {Towards Automated Log Parsing for Large-Scale Log Data Analysis},
	Journal = {IEEE Transactions on Dependable and Secure Computing},
	Year = {2017},
	Volume = {15},
	Number = {6},
	Pages = {931--944},
	Month = {},
}

@inproceedings{hilton2016usage,
	Author = {Hilton, Michael and Tunnell, Timothy and Huang, Kai and Marinov, Darko and Dig, Danny},
	Title = {Usage, Costs, and Benefits of Continuous Integration in Open-Source Projects},
	Booktitle = {Proceedings of the 31st International Conference on Automated Software Engineering (ASE)},
	Year = {2016},
	Editor = {},
	Volume = {},
	Pages = {426--437},
	Number = {},
	Organization = {ACM},
	Series = {},
	Publisher = {},
	Address = {},
	Month = {},
}

@article{korenius2007principal,
	Author = {Korenius, Tuomo and Laurikkala, Jorma and Juhola, Martti},
	Title = {On Principal Component Analysis, Cosine and Euclidean Measures in Information Retrieval},
	Journal = {Information Sciences},
	Year = {2007},
	Volume = {177},
	Number = {22},
	Pages = {4893--4905},
	Month = {},
}

@inproceedings{le2014flashextract:,
	Author = {Le, Vu and Gulwani, Sumit},
	Title = {Flashextract: A Framework for Data Extraction by Examples},
	Booktitle = {ACM SIGPLAN Notices},
	Year = {2014},
	Editor = {},
	Volume = {49},
	Pages = {542--553},
	Number = {6},
	Organization = {ACM},
	Series = {},
	Publisher = {},
	Address = {},
	Month = {},
}

@article{lee1997document,
	Author = {Lee, Dik L and Chuang, Huei and Seamons, Kent},
	Title = {Document Ranking and the Vector-Space Model},
	Journal = {IEEE Software},
	Year = {1997},
	Volume = {14},
	Number = {2},
	Pages = {67--75},
	Month = {},
}

@misc{maven2019website,
	Title = {Maven},
	Howpublished = {https://maven.apache.org/},
	Author = {},
	Month = {},
	Year = {},
}

@inproceedings{mayer2015user,
	Author = {Mayer, MikaÃ«l and Soares, Gustavo and Grechkin, Maxim and Le, Vu and Marron, Mark and Polozov, Oleksandr and Singh, Rishabh and Zorn, Benjamin and Gulwani, Sumit},
	Title = {User Interaction Models for Disambiguation in Programming by Example},
	Booktitle = {Proceedings of the 28th Annual ACM Symposium on User Interface Software and Technology},
	Year = {2015},
	Editor = {},
	Volume = {},
	Pages = {291--301},
	Number = {},
	Organization = {ACM},
	Series = {},
	Publisher = {},
	Address = {},
	Month = {},
}

@inproceedings{michael2019regexes,
	Author = {Michael IV, Louis G and Donohue, James and Davis, James C and Lee, Dongyoon and Servant, Francisco},
	Title = {Regexes Are Hard: Decision-Making, Difficulties, and Risks in Programming Regular Expressions},
	Booktitle = {Proceedings of the 34th IEEE/ACM International Conference on Automated Software Engineering (ASE)},
	Year = {2019},
	Editor = {},
	Volume = {},
	Pages = {},
	Number = {},
	Organization = {},
	Series = {},
	Publisher = {},
	Address = {},
	Month = {},
}

@inproceedings{miller2008hundred,
	Author = {Miller, Ade},
	Title = {A Hundred Days of Continuous Integration},
	Booktitle = {Agile 2008 Conference},
	Year = {2008},
	Editor = {},
	Volume = {},
	Pages = {289--293},
	Number = {},
	Organization = {IEEE},
	Series = {},
	Publisher = {},
	Address = {},
	Month = {},
}

@article{mitchell1982generalization,
	Author = {Mitchell, Tom M},
	Title = {Generalization as Search},
	Journal = {Artificial Intelligence},
	Year = {1982},
	Volume = {18},
	Number = {2},
	Pages = {203--226},
	Month = {},
}

@inproceedings{nagappan2010abstracting,
	Author = {Nagappan, Meiyappan and Vouk, Mladen A},
	Title = {Abstracting Log Lines to Log Event Types for Mining Software System Logs},
	Booktitle = {Proceedings of the 7th IEEE Working Conference on Mining Software Repositories (MSR)},
	Year = {2010},
	Editor = {},
	Volume = {},
	Pages = {114--117},
	Number = {},
	Organization = {IEEE},
	Series = {},
	Publisher = {},
	Address = {},
	Month = {},
}

@inproceedings{panichella2016parameterizing,
	Author = {Panichella, Annibale and Dit, Bogdan and Oliveto, Rocco and Di Penta, Massimiliano and Poshyvanyk, Denys and De Lucia, Andrea},
	Title = {Parameterizing and Assembling IR-Based Solutions for SE Tasks Using Genetic Algorithms},
	Booktitle = {Proceedings of the 23rd IEEE International Conference on Software Analysis, Evolution, and Reengineering (SANER)},
	Year = {2016},
	Editor = {},
	Volume = {1},
	Pages = {314--325},
	Number = {},
	Organization = {IEEE},
	Series = {},
	Publisher = {},
	Address = {},
	Month = {},
}

@inproceedings{polozov2015flashmeta:,
	Author = {Polozov, Oleksandr and Gulwani, Sumit},
	Title = {Flashmeta: A Framework for Inductive Program Synthesis},
	Booktitle = {ACM SIGPLAN Notices},
	Year = {2015},
	Editor = {},
	Volume = {50},
	Pages = {107--126},
	Number = {10},
	Organization = {ACM},
	Series = {},
	Publisher = {},
	Address = {},
	Month = {},
}

@misc{powershell2019convert,
	Title = {PowerShell ConvertFrom-String},
	Howpublished = {https://docs.microsoft.com/de-de/previous-versions/powershell/module/Microsoft.PowerShell.Utility/ConvertFrom-String?view=powershell-5.0},
	Author = {},
	Month = {},
	Year = {},
}

@misc{prose2019webpage,
	Title = {Microsoft Program Synthesis using Examples SDK},
	Howpublished = {https://microsoft.github.io/prose/},
	Author = {},
	Month = {},
	Year = {},
}

@inproceedings{rausch2017empirical,
	Author = {Rausch, Thomas and Hummer, Waldemar and Leitner, Philipp and Schulte, Stefan},
	Title = {An Empirical Analysis of Build Failures in the Continuous Integration Workflows of Java-Based Open-Source Software},
	Booktitle = {Proceedings of the 14th IEEE/ACM International Conference on Mining Software Repositories (MSR)},
	Year = {2017},
	Editor = {},
	Volume = {},
	Pages = {345--355},
	Number = {},
	Organization = {IEEE},
	Series = {},
	Publisher = {},
	Address = {},
	Month = {},
}

@inproceedings{schutze2008introduction,
	Author = {SchÃ¼tze, Hinrich and Manning, Christopher D and Raghavan, Prabhakar},
	Title = {Introduction to Information Retrieval},
	Booktitle = {Proceedings of the International Communication of Association for Computing Machinery Conference},
	Year = {2008},
	Editor = {},
	Volume = {},
	Pages = {260},
	Number = {},
	Organization = {},
	Series = {},
	Publisher = {},
	Address = {},
	Month = {},
}

@inproceedings{seo2014programmers,
	Author = {Seo, Hyunmin and Sadowski, Caitlin and Elbaum, Sebastian and Aftandilian, Edward and Bowdidge, Robert},
	Title = {Programmers' Build Errors: A Case Study (At Google)},
	Booktitle = {Proceedings of the 36th International Conference on Software Engineering (ICSE)},
	Year = {2014},
	Editor = {},
	Volume = {},
	Pages = {724--734},
	Number = {},
	Organization = {ACM},
	Series = {},
	Publisher = {},
	Address = {},
	Month = {},
}

@article{staahl2014modeling,
	Author = {StÃ¥hl, Daniel and Bosch, Jan},
	Title = {Modeling Continuous Integration Practice Differences in Industry Software Development},
	Journal = {Journal of Systems and Software},
	Year = {2014},
	Volume = {87},
	Number = {},
	Pages = {48--59},
	Month = {},
}

@misc{text2vec2019webpage,
	Title = {text2vec},
	Howpublished = {http://text2vec.org/},
	Author = {},
	Month = {},
	Year = {},
}

@misc{travis2019logfolds,
	Title = {Travis Log Folds},
	Howpublished = {https://blog.travis-ci.com/2013-05-22-improving-build-visibility-log-folds},
	Author = {},
	Month = {},
	Year = {},
}

@inproceedings{vasilescu2015quality,
	Author = {Vasilescu, Bogdan and Yu, Yue and Wang, Huaimin and Devanbu, Premkumar and Filkov, Vladimir},
	Title = {Quality and Productivity Outcomes Relating to Continuous Integration in GitHub},
	Booktitle = {Proceedings of the 10th Joint Meeting on Foundations of Software Engineering},
	Year = {2015},
	Editor = {},
	Volume = {},
	Pages = {805--816},
	Number = {},
	Organization = {ACM},
	Series = {},
	Publisher = {},
	Address = {},
	Month = {},
}

@inproceedings{vassallo2017a-tale,
	Author = {Vassallo, Carmine and Schermann, Gerald and Zampetti, Fiorella and Romano, Daniele and Leitner, Philipp and Zaidman, Andy and Di Penta, Massimiliano and Panichella, Sebastiano},
	Title = {A Tale of CI Build Failures: An Open Source and a Financial Organization Perspective},
	Booktitle = {Proceedings of the 33th IEEE International Conference on Software Maintenance and Evolution (ICSME)},
	Year = {2017},
	Editor = {},
	Volume = {},
	Pages = {183--193},
	Number = {},
	Organization = {IEEE},
	Series = {},
	Publisher = {},
	Address = {},
	Month = {},
}

@inproceedings{vassallo2018un-break,
	Author = {Vassallo, Carmine and Proksch, Sebastian and Zemp, Timothy and Gall, Harald C},
	Title = {Un-Break My Build: Assisting Developers with Build Repair Hints},
	Booktitle = {Proceedings of the 26th IEEE International Conference on Program Comprehension (ICPC)},
	Year = {2018},
	Editor = {},
	Volume = {},
	Pages = {41--51},
	Number = {},
	Organization = {ACM},
	Series = {},
	Publisher = {},
	Address = {},
	Month = {},
}

@inproceedings{xu2009detecting,
	Author = {Xu, Wei and Huang, Ling and Fox, Armando and Patterson, David and Jordan, Michael I},
	Title = {Detecting Large-Scale System Problems by Mining Console Logs},
	Booktitle = {Proceedings of the ACM SIGOPS 22nd Symposium on Operating Systems Principles},
	Year = {2009},
	Editor = {},
	Volume = {},
	Pages = {117--132},
	Number = {},
	Organization = {ACM},
	Series = {},
	Publisher = {},
	Address = {},
	Month = {},
}

@misc{brandt2020chunk-replication,
	Title = {Replication Package Chunk Retrieval},
	Howpublished = {https://github.com/lacinoire/chunk-retrieval-replication},
	Author = {},
	Month = {},
	Year = {},
}

