
@inproceedings{hilton2016usage,
	Author = {Hilton, Michael and Tunnell, Timothy and Huang, Kai and Marinov, Darko and Dig, Danny},
	Booktitle = {Proceedings of the 31st IEEE/ACM International Conference on Automated Software Engineering},
	Organization = {ACM},
	Pages = {426--437},
	Title = {Usage, costs, and benefits of continuous integration in open-source projects},
	Year = {2016}}

@inproceedings{beller2017oops,
	Author = {Beller, Moritz and Gousios, Georgios and Zaidman, Andy},
	Booktitle = {2017 IEEE/ACM 14th International Conference on Mining Software Repositories (MSR)},
	Organization = {IEEE},
	Pages = {356--367},
	Title = {Oops, my tests broke the build: An explorative analysis of Travis CI with GitHub},
	Year = {2017}}

@inproceedings{beller2017travistorrent,
	Author = {Beller, Moritz and Gousios, Georgios and Zaidman, Andy},
	Booktitle = {Proceedings of the 14th International Conference on Mining Software Repositories},
	Organization = {IEEE press},
	Pages = {447--450},
	Title = {Travistorrent: Synthesizing travis ci and github for full-stack research on continuous integration},
	Year = {2017}}

@inproceedings{michael2019regexes,
	Author = {Michael IV, Louis G and Donohue, James and Davis, James C and Lee, Dongyoon and Servant, Francisco},
	Booktitle = {ACM International Conference on Automated Software Engineering (ASE). ACM},
	Title = {Regexes are hard: Decision-making, difficulties, and risks in programming regular expressions},
	Year = {2019}}

@inproceedings{vassallo2018un-break,
	Author = {Vassallo, Carmine and Proksch, Sebastian and Zemp, Timothy and Gall, Harald C},
	Booktitle = {Proceedings of the 26th Conference on Program Comprehension},
	Organization = {ACM},
	Pages = {41--51},
	Title = {Un-break my build: assisting developers with build repair hints},
	Year = {2018}}

@inproceedings{amar2019mining,
	Author = {Amar, Anunay and Rigby, Peter C},
	Booktitle = {Proceedings of the 41st International Conference on Software Engineering},
	Organization = {IEEE Press},
	Pages = {140--151},
	Title = {Mining historical test logs to predict bugs and localize faults in the test logs},
	Year = {2019}}

@article{staahl2014modeling,
	Author = {St{\aa}hl, Daniel and Bosch, Jan},
	Journal = {Journal of Systems and Software},
	Pages = {48--59},
	Title = {Modeling continuous integration practice differences in industry software development},
	Volume = {87},
	Year = {2014}}

@inproceedings{gousios2013ghtorrent,
	Address = {Piscataway, NJ, USA},
	Author = {Gousios, Georgios},
	Booktitle = {Proceedings of the 10th Working Conference on Mining Software Repositories},
	Pages = {233--236},
	Publisher = {IEEE Press},
	Series = {MSR '13},
	Title = {The GHTorrent dataset and tool suite},
	Year = {2013}}

@misc{travis2009buildstatus,
	Howpublished = {https://docs.travis-ci.com/user/job-lifecycle/\#breaking-the-build},
	Note = {Accessed: 2019-11-18},
	Title = {Travis Build Status},
	Author = {Travis CI},
	Year = {2019}}

@misc{travis2019logfolds,
	Howpublished = {https://blog.travis-ci.com/2013-05-22-improving-build-visibility-log-folds},
	Note = {Accessed: 2019-11-18},
	Title = {Travis Log Folds},
	Author = {Travis CI},
	Year = {2019}}

@misc{travisci2019apidoc,
	Howpublished = {https://developer.travis-ci.org/},
	Note = {Accessed: 2019-10-25},
	Title = {Travis CI API},
	Author = {Travis CI},
	Year = {2019}}

@misc{travisci2019webpage,
	Howpublished = {https://travis-ci.org},
	Note = {Accessed: 2019-10-25},
	Title = {Travis CI},
	Author = {Travis CI},
	Year = {2019}}

@misc{loriot2019dataset,
	Howpublished = {https://github.com/kth-tcs/travis-ci-build-log-dataset},
	Note = {Accessed: 2019-11-21},
	Title = {Travis CI Build Log Data Set},
	Author = {Travis CI},
	Year = {2019}}

@article{loriot2019styler,
	Author = {Loriot, Benjamin and Madeiral, Fernanda and Monperrus, Martin},
	Journal = {arXiv preprint arXiv:1904.01754},
	Title = {Styler: Learning Formatting Conventions to Repair Checkstyle Errors},
	Year = {2019}}

@misc{github2019website,
	Howpublished = {https://github.com/},
	Note = {Accessed: 2019-11-21},
	Title = {GitHub},
	Author = {GitHub},
	Year = {2019}}

@inproceedings{seo2014programmers,
	Author = {Seo, Hyunmin and Sadowski, Caitlin and Elbaum, Sebastian and Aftandilian, Edward and Bowdidge, Robert},
	Booktitle = {Proceedings of the 36th International Conference on Software Engineering},
	Organization = {ACM},
	Pages = {724--734},
	Title = {Programmers' build errors: a case study (at google)},
	Year = {2014}}

@inproceedings{vassallo2017a-tale,
	Author = {Vassallo, Carmine and Schermann, Gerald and Zampetti, Fiorella and Romano, Daniele and Leitner, Philipp and Zaidman, Andy and Di Penta, Massimiliano and Panichella, Sebastiano},
	Booktitle = {2017 IEEE International Conference on Software Maintenance and Evolution (ICSME)},
	Organization = {IEEE},
	Pages = {183--193},
	Title = {A tale of CI build failures: An open source and a financial organization perspective},
	Year = {2017}}
