
@inproceedings{abiteboul1997querying,
	Author = {Abiteboul, Serge},
	Booktitle = {International Conference on Database Theory},
	Organization = {Springer},
	Pages = {1--18},
	Title = {Querying Semi-Structured Data},
	Year = {1997}}

@inproceedings{adams2007design,
	Author = {Adams, Bram and Tromp, Herman and De Schutter, Kris and De Meuter, Wolfgang},
	Booktitle = {2007 23rd IEEE International Conference on Software Maintenance (ICSM)},
	Organization = {IEEE},
	Pages = {114--123},
	Title = {Design Recovery and Maintenance of Build Systems},
	Year = {2007}}

@book{aggarwal2012mining,
	Author = {Aggarwal, Charu C and Zhai, ChengXiang},
	Publisher = {Springer Science \& Business Media},
	Title = {Mining Text Data},
	Year = {2012}}

@article{allahyari2017brief,
	Author = {Allahyari, Mehdi and Pouriyeh, Seyedamin and Assefi, Mehdi and Safaei, Saied and Trippe, Elizabeth D and Gutierrez, Juan B and Kochut, Krys},
	Journal = {arXiv preprint arXiv:1707.02919},
	Title = {A Brief Survey of Text Mining: Classification, Clustering and Extraction Techniques},
	Year = {2017}}

@inproceedings{amar2019mining,
	Author = {Amar, Anunay and Rigby, Peter C},
	Booktitle = {Proceedings of the 41st International Conference on Software Engineering (ICSE)},
	Organization = {IEEE},
	Pages = {140--151},
	Title = {Mining Historical Test Logs to Predict Bugs and Localize Faults in the Test Logs},
	Year = {2019}}

@article{antoniol2002recovering,
	Author = {Antoniol, Giuliano and Canfora, Gerardo and Casazza, Gerardo and De Lucia, Andrea and Merlo, Ettore},
	Journal = {IEEE Transactions on Software Engineering},
	Number = {10},
	Pages = {970--983},
	Title = {Recovering Traceability Links Between Code and Documentation},
	Volume = {28},
	Year = {2002}}

@misc{azure2019custom,
	Howpublished = {https://docs.microsoft.com/de-de/azure/azure-monitor/platform/custom-fields},
	Note = {Accessed: 2019-11-11},
	Title = {Create Custom Fields in a Log Analytics Workspace in Azure Monitor}}

@misc{bart2019plugin,
	Howpublished = {https://plugins.jenkins.io/bart},
	Note = {Accessed: 2019-11-13},
	Title = {BART Jenkins Plugin}}

@inproceedings{bartoli2012automatic,
	Author = {Bartoli, Alberto and Davanzo, Giorgio and De Lorenzo, Andrea and Mauri, Marco and Medvet, Eric and Sorio, Enrico},
	Booktitle = {Proceedings of the 14th Annual Conference Companion on Genetic and Evolutionary Computation},
	Organization = {ACM},
	Pages = {1477--1478},
	Title = {Automatic Generation of Regular Expressions from Examples with Genetic Programming},
	Year = {2012}}

@inproceedings{bartoli2016on-the-automatic,
	Author = {Bartoli, Alberto and De Lorenzo, Andrea and Medvet, Eric and Tarlao, Fabiano},
	Booktitle = {Proceedings of the 2016 on Genetic and Evolutionary Computation Conference Companion},
	Organization = {ACM},
	Pages = {155--156},
	Title = {On the Automatic Construction of Regular Expressions from Examples (GP vs. Humans 1-0)},
	Year = {2016}}

@inproceedings{beller2017oops,
	Author = {Beller, Moritz and Gousios, Georgios and Zaidman, Andy},
	Booktitle = {2017 14th IEEE/ACM International Conference on Mining Software Repositories (MSR)},
	Organization = {IEEE},
	Pages = {356--367},
	Title = {Oops, My Tests Broke the Build: An Explorative Analysis of Travis CI with GitHub},
	Year = {2017}}

@inproceedings{beller2017travistorrent,
	Author = {Beller, Moritz and Gousios, Georgios and Zaidman, Andy},
	Booktitle = {Proceedings of the 14th International Conference on Mining Software Repositories (MSR)},
	Organization = {IEEE},
	Pages = {447--450},
	Title = {TravisTorrent: Synthesizing Travis CI and GitHub for Full-Stack Research on Continuous Integration},
	Year = {2017}}

@article{brun2013early,
	Author = {Brun, Yuriy and Holmes, Reid and Ernst, Michael D and Notkin, David},
	Journal = {IEEE Transactions on Software Engineering},
	Number = {10},
	Pages = {1358--1375},
	Title = {Early Detection of Collaboration Conflicts and Risks},
	Volume = {39},
	Year = {2013}}

@inproceedings{cataldo2011factors,
	Author = {Cataldo, Marcelo and Herbsleb, James D},
	Booktitle = {Proceedings of the 33rd International Conference on Software Engineering (ICSE)},
	Organization = {ACM},
	Pages = {161--170},
	Title = {Factors Leading to Integration Failures in Global Feature-Oriented Development: An Empirical Analysis},
	Year = {2011}}

@inproceedings{chang2001iepad:,
	Author = {Chang, Chia-Hui and Lui, Shao-Chen},
	Booktitle = {Proceedings of the 10th International Conference on World Wide Web},
	Organization = {ACM},
	Pages = {681--688},
	Title = {IEPAD: Information Extraction Based on Pattern Discovery},
	Year = {2001}}

@article{chang2003automatic,
	Author = {Chang, Chia-Hui and Hsu, Chun-Nan and Lui, Shao-Cheng},
	Journal = {Decision Support Systems},
	Number = {1},
	Pages = {129--147},
	Title = {Automatic Information Extraction from Semi-Structured Web Pages by Pattern Discovery},
	Volume = {35},
	Year = {2003}}

@article{chen2015continuous,
	Author = {Chen, Lianping},
	Journal = {IEEE Software},
	Number = {2},
	Pages = {50--54},
	Title = {Continuous Delivery: Huge Benefits, but Challenges Too},
	Volume = {32},
	Year = {2015}}

@inproceedings{cody-kenny2017a-search,
	Author = {Cody-Kenny, Brendan and Fenton, Michael and Ronayne, Adrian and Considine, Eoghan and McGuire, Thomas and O'Neill, Michael},
	Booktitle = {Proceedings of the Genetic and Evolutionary Computation Conference},
	Organization = {ACM},
	Pages = {1280--1287},
	Title = {A Search for Improved Performance in Regular Expressions},
	Year = {2017}}

@inproceedings{downs2012ambient,
	Author = {Downs, John and Plimmer, Beryl and Hosking, John G},
	Booktitle = {2012 34th International Conference on Software Engineering (ICSE)},
	Organization = {IEEE},
	Pages = {507--517},
	Title = {Ambient Awareness of Build Status in Collocated Software Teams},
	Year = {2012}}

@book{duvall2007continuous,
	Author = {Duvall, Paul M and Matyas, Steve and Glover, Andrew},
	Publisher = {Pearson Education},
	Title = {Continuous Integration: Improving Software Quality and Reducing Risk},
	Year = {2007}}

@book{duvall2010continuous,
	Author = {Duvall, Paul M},
	Publisher = {DZone, Incorporated},
	Title = {Continuous Integration: Patterns and Anti-Patterns},
	Year = {2010}}

@inproceedings{ellis2017learning,
	Author = {Ellis, Kevin and Gulwani, Sumit},
	Booktitle = {2017 26th International Joint Conference on Artificial Intelligence (IJCAI)},
	Pages = {1638--1645},
	Title = {Learning to Learn Programs from Examples: Going Beyond Program Structure.},
	Year = {2017}}

@misc{excel2019flashfill,
	Howpublished = {https://support.office.com/en-us/article/using-flash-fill-in-excel-3f9bcf1e-db93-4890-94a0-1578341f73f7},
	Note = {Accessed: 2019-11-18},
	Title = {Excel FlashFill}}

@techreport{faloutsos1998survey,
	Author = {Faloutsos, Christos and Oard, Douglas W},
	Title = {A Survey of Information Retrieval and Filtering Methods},
	Year = {1998}}

@inproceedings{fisher2008from,
	Author = {Fisher, Kathleen and Walker, David and Zhu, Kenny Q and White, Peter},
	Booktitle = {ACM SIGPLAN Notices},
	Number = {1},
	Organization = {ACM},
	Pages = {421--434},
	Title = {From Dirt to Shovels: Fully Automatic Tool Generation from AD Hoc Data},
	Volume = {43},
	Year = {2008}}

@inproceedings{fisher2011the-pads,
	Author = {Fisher, Kathleen and Walker, David},
	Booktitle = {Proceedings of the 14th International Conference on Database Theory},
	Organization = {ACM},
	Pages = {11--17},
	Title = {The PADS Project: An Overview},
	Year = {2011}}

@article{fowler2006continuous,
	Author = {Fowler, Martin and Foemmel, Matthew},
	Journal = {Thought-Works},
	Pages = {14},
	Title = {Continuous Integration},
	Volume = {122},
	Year = {2006}}

@article{ghaleb2019studying,
	Author = {Ghaleb, Taher Ahmed and da Costa, Daniel Alencar and Zou, Ying and Hassan, Ahmed E.},
	Journal = {IEEE Transactions on Software Engineering},
	Pages = {1--14},
	Title = {Studying the Impact of Noises in Build Breakage Data},
	Year = {2019}}

@misc{github2019website,
	Howpublished = {https://github.com/},
	Note = {Accessed: 2019-11-21},
	Title = {GitHub}}

@inproceedings{gousios2013ghtorrent,
	Address = {Piscataway, NJ, USA},
	Author = {Gousios, Georgios},
	Booktitle = {Proceedings of the 10th Working Conference on Mining Software Repositories (MSR)},
	Pages = {233--236},
	Publisher = {IEEE Press},
	Series = {MSR '13},
	Title = {The Ghtorrent Dataset and Tool Suite},
	Year = {2013}}

@inproceedings{gulwani2011automating,
	Author = {Gulwani, Sumit},
	Booktitle = {ACM SIGPLAN Notices},
	Number = {1},
	Organization = {ACM},
	Pages = {317--330},
	Title = {Automating String Processing in Spreadsheets Using Input-Output Examples},
	Volume = {46},
	Year = {2011}}

@article{gupta2009survey,
	Author = {Gupta, Vishal and Lehal, Gurpreet S and others},
	Journal = {Journal of Emerging Technologies in Web Intelligence},
	Number = {1},
	Pages = {60--76},
	Title = {A Survey of Text Mining Techniques and Applications},
	Volume = {1},
	Year = {2009}}

@inproceedings{haiduc2010supporting,
	Author = {Haiduc, Sonia and Aponte, Jairo and Marcus, Andrian},
	Booktitle = {Proceedings of the 32nd International Conference on Software Engineering (ICSE) - Volume 2},
	Organization = {ACM},
	Pages = {223--226},
	Title = {Supporting Program Comprehension with Source Code Summarization},
	Year = {2010}}

@inproceedings{harris2011spreadsheet,
	Author = {Harris, William R and Gulwani, Sumit},
	Booktitle = {ACM SIGPLAN Notices},
	Number = {6},
	Organization = {ACM},
	Pages = {317--328},
	Title = {Spreadsheet Table Transformations from Examples},
	Volume = {46},
	Year = {2011}}

@inproceedings{hassan2006using,
	Author = {Hassan, Ahmed E and Zhang, Ken},
	Booktitle = {2006 21st IEEE/ACM International Conference on Automated Software Engineering (ASE)},
	Organization = {IEEE},
	Pages = {189--198},
	Title = {Using Decision Trees to Predict the Certification Result of a Build},
	Year = {2006}}

@inproceedings{he2016evaluation,
	Author = {He, Pinjia and Zhu, Jieming and He, Shilin and Li, Jian and Lyu, Michael R},
	Booktitle = {2016 46th Annual IEEE/IFIP International Conference on Dependable Systems and Networks (DSN)},
	Organization = {IEEE},
	Pages = {654--661},
	Title = {An Evaluation Study on Log Parsing and Its Use in Log Mining},
	Year = {2016}}

@article{he2017towards,
	Author = {He, Pinjia and Zhu, Jieming and He, Shilin and Li, Jian and Lyu, Michael R},
	Journal = {IEEE Transactions on Dependable and Secure Computing},
	Number = {6},
	Pages = {931--944},
	Title = {Towards Automated Log Parsing for Large-Scale Log Data Analysis},
	Volume = {15},
	Year = {2017}}

@article{hearst1997texttiling,
	Author = {Hearst, Marti A},
	Journal = {Computational Linguistics},
	Number = {1},
	Pages = {33--64},
	Title = {TextTiling: Segmenting Text into Multi-Paragraph Subtopic Passages},
	Volume = {23},
	Year = {1997}}

@inproceedings{hilton2016usage,
	Author = {Hilton, Michael and Tunnell, Timothy and Huang, Kai and Marinov, Darko and Dig, Danny},
	Booktitle = {Proceedings of the 31st  International Conference on Automated Software Engineering (ASE)},
	Organization = {ACM},
	Pages = {426--437},
	Title = {Usage, Costs, and Benefits of Continuous Integration in Open-Source Projects},
	Year = {2016}}

@inproceedings{hilton2017trade-offs,
	Author = {Hilton, Michael and Nelson, Nicholas and Tunnell, Timothy and Marinov, Darko and Dig, Danny},
	Booktitle = {Proceedings of the 2017 11th Joint Meeting on Foundations of Software Engineering},
	Organization = {ACM},
	Pages = {197--207},
	Title = {Trade-Offs in Continuous Integration: Assurance, Security, and Flexibility},
	Year = {2017}}

@article{holck2003continuous,
	Author = {Holck, Jesper and J{\o}rgensen, Niels},
	Journal = {Australasian Journal of Information Systems},
	Number = {1},
	Title = {Continuous Integration and Quality Assurance: A Case Study of Two Open Source Projects},
	Volume = {11},
	Year = {2003}}

@inproceedings{hotho2005brief,
	Author = {Hotho, Andreas and N{\"u}rnberger, Andreas and Paa{\ss}, Gerhard},
	Booktitle = {Ldv Forum},
	Number = {1},
	Organization = {Citeseer},
	Pages = {19--62},
	Title = {A Brief Survey of Text Mining},
	Volume = {20},
	Year = {2005}}

@book{humble2010continuous,
	Author = {Humble, Jez and Farley, David},
	Publisher = {Pearson Education},
	Title = {Continuous Delivery: Reliable Software Releases Through Build, Test, and Deployment Automation},
	Year = {2010}}

@inproceedings{jayathilake2012towards,
	Author = {Jayathilake, Dileepa},
	Booktitle = {2012 9th International Conference on Computer Science and Software Engineering (JCSSE)},
	Organization = {IEEE},
	Pages = {259--264},
	Title = {Towards Structured Log Analysis},
	Year = {2012}}

@inproceedings{jiang2009understanding,
	Author = {Jiang, Weihang and Hu, Chongfeng and Pasupathy, Shankar and Kanevsky, Arkady and Li, Zhenmin and Zhou, Yuanyuan},
	Booktitle = {7th USENIX Conference on File and Storage Technologies (FAST)},
	Pages = {43--56},
	Title = {Understanding Customer Problem Troubleshooting from Storage System Logs},
	Volume = {9},
	Year = {2009}}

@inproceedings{kerzazi2014automated,
	Author = {Kerzazi, Noureddine and Khomh, Foutse and Adams, Bram},
	Booktitle = {2014 30th IEEE International Conference on Software Maintenance and Evolution (ICSME)},
	Organization = {IEEE},
	Pages = {41--50},
	Title = {Why Do Automated Builds Break? An Empirical Study},
	Year = {2014}}

@article{korenius2007principal,
	Author = {Korenius, Tuomo and Laurikkala, Jorma and Juhola, Martti},
	Journal = {Information Sciences},
	Number = {22},
	Pages = {4893--4905},
	Title = {On Principal Component Analysis, Cosine and Euclidean Measures in Information Retrieval},
	Volume = {177},
	Year = {2007}}

@inproceedings{kotsakis2002structured,
	Author = {Kotsakis, Evangelos},
	Booktitle = {Proceedings of the 2002 ACM Symposium on Applied Computing},
	Organization = {ACM},
	Pages = {663--667},
	Title = {Structured Information Retrieval in XML Documents},
	Year = {2002}}

@article{lau2009why-programming-by-demonstration,
	Author = {Lau, Tessa},
	Journal = {AI Magazine},
	Number = {4},
	Pages = {65--65},
	Title = {Why Programming-By-Demonstration Systems Fail: Lessons Learned for Usable AI},
	Volume = {30},
	Year = {2009}}

@inproceedings{le2014flashextract:,
	Author = {Le, Vu and Gulwani, Sumit},
	Booktitle = {ACM SIGPLAN Notices},
	Number = {6},
	Organization = {ACM},
	Pages = {542--553},
	Title = {Flashextract: A Framework for Data Extraction by Examples},
	Volume = {49},
	Year = {2014}}

@article{lee1997document,
	Author = {Lee, Dik L and Chuang, Huei and Seamons, Kent},
	Journal = {IEEE Software},
	Number = {2},
	Pages = {67--75},
	Title = {Document Ranking and the Vector-Space Model},
	Volume = {14},
	Year = {1997}}

@inproceedings{lieberman1995bridging,
	Author = {Lieberman, Henry and Fry, Christopher},
	Booktitle = {CHI},
	Organization = {Citeseer},
	Pages = {480--486},
	Title = {Bridging the Gulf Between Code and Behavior in Programming},
	Volume = {95},
	Year = {1995}}

@misc{loriot2019dataset,
	Howpublished = {https://github.com/kth-tcs/travis-ci-build-log-dataset},
	Note = {Accessed: 2019-11-21},
	Title = {Travis CI Build Log Data Set}}

@article{loriot2019styler,
	Author = {Loriot, Benjamin and Madeiral, Fernanda and Monperrus, Martin},
	Journal = {arXiv preprint arXiv:1904.01754},
	Title = {Styler: Learning Formatting Conventions to Repair Checkstyle Errors},
	Year = {2019}}

@inproceedings{lou2010mining,
	Author = {Lou, Jian-Guang and Fu, Qiang and Yang, Shengqi and Xu, Ye and Li, Jiang},
	Booktitle = {USENIX Annual Technical Conference},
	Pages = {23--25},
	Title = {Mining Invariants from Console Logs for System Problem Detection},
	Year = {2010}}

@article{marcus2005recovery,
	Author = {Marcus, Andrian and Maletic, Jonathan I and Sergeyev, Andrey},
	Journal = {International Journal of Software Engineering and Knowledge Engineering},
	Number = {05},
	Pages = {811--836},
	Title = {Recovery of Traceability Links Between Software Documentation and Source Code},
	Volume = {15},
	Year = {2005}}

@misc{maven2019website,
	Howpublished = {https://maven.apache.org/},
	Note = {Accessed: 2019-11-13},
	Title = {Maven}}

@inproceedings{mayer2015user,
	Author = {Mayer, Mika{\"e}l and Soares, Gustavo and Grechkin, Maxim and Le, Vu and Marron, Mark and Polozov, Oleksandr and Singh, Rishabh and Zorn, Benjamin and Gulwani, Sumit},
	Booktitle = {Proceedings of the 28th Annual ACM Symposium on User Interface Software and Technology},
	Organization = {ACM},
	Pages = {291--301},
	Title = {User Interaction Models for Disambiguation in Programming by Example},
	Year = {2015}}

@inproceedings{mccarey2006recommending,
	Author = {McCarey, Frank and Cinneide, Mel O and Kushmerick, Nicholas},
	Booktitle = {International Conference on Software Reuse},
	Organization = {Springer},
	Pages = {217--230},
	Title = {Recommending Library Methods: An Evaluation of the Vector Space Model (VSM) and Latent Semantic Indexing (LSI)},
	Year = {2006}}

@inproceedings{mcintosh2011an-empirical,
	Author = {McIntosh, Shane and Adams, Bram and Nguyen, Thanh HD and Kamei, Yasutaka and Hassan, Ahmed E},
	Booktitle = {2011 33rd International Conference on Software Engineering (ICSE)},
	Organization = {IEEE},
	Pages = {141--150},
	Title = {An Empirical Study of Build Maintenance Effort},
	Year = {2011}}

@article{meyer2008text,
	Author = {Meyer, David and Hornik, Kurt and Feinerer, Ingo},
	Journal = {Journal of Statistical Software},
	Number = {5},
	Pages = {1--54},
	Title = {Text Mining Infrastructure in R},
	Volume = {25},
	Year = {2008}}

@inproceedings{michael2019regexes,
	Author = {Michael IV, Louis G and Donohue, James and Davis, James C and Lee, Dongyoon and Servant, Francisco},
	Booktitle = {2019 34th IEEE/ACM International Conference on Automated Software Engineering (ASE)},
	Title = {Regexes Are Hard: Decision-Making, Difficulties, and Risks in Programming Regular Expressions},
	Year = {2019}}

@inproceedings{miller2001outlier,
	Author = {Miller, Robert C and Myers, Brad A},
	Booktitle = {Proceedings of the 14th Annual ACM Symposium on User Interface Software and Technology},
	Organization = {ACM},
	Pages = {81--90},
	Title = {Outlier Finding: Focusing User Attention on Possible Errors},
	Year = {2001}}

@inproceedings{miller2008hundred,
	Author = {Miller, Ade},
	Booktitle = {Agile 2008 Conference},
	Organization = {IEEE},
	Pages = {289--293},
	Title = {A Hundred Days of Continuous Integration},
	Year = {2008}}

@article{mitchell1982generalization,
	Author = {Mitchell, Tom M},
	Journal = {Artificial Intelligence},
	Number = {2},
	Pages = {203--226},
	Title = {Generalization as Search},
	Volume = {18},
	Year = {1982}}

@inproceedings{nagappan2009efficiently,
	Author = {Nagappan, Meiyappan and Wu, Kesheng and Vouk, Mladen A},
	Booktitle = {2009 20th International Symposium on Software Reliability Engineering},
	Organization = {IEEE},
	Pages = {41--50},
	Title = {Efficiently Extracting Operational Profiles from Execution Logs Using Suffix Arrays},
	Year = {2009}}

@inproceedings{nagappan2010abstracting,
	Author = {Nagappan, Meiyappan and Vouk, Mladen A},
	Booktitle = {2010 7th IEEE Working Conference on Mining Software Repositories (MSR)},
	Organization = {IEEE},
	Pages = {114--117},
	Title = {Abstracting Log Lines to Log Event Types for Mining Software System Logs},
	Year = {2010}}

@inproceedings{neitsch2012build,
	Author = {Neitsch, Andrew and Wong, Kenny and Godfrey, Michael W},
	Booktitle = {2012 28th IEEE International Conference on Software Maintenance (ICSM)},
	Organization = {IEEE},
	Pages = {140--149},
	Title = {Build System Issues in Multilanguage Software},
	Year = {2012}}

@article{oliner2012advances,
	Author = {Oliner, Adam and Ganapathi, Archana and Xu, Wei},
	Journal = {Communications of the ACM},
	Number = {2},
	Pages = {55--61},
	Title = {Advances and Challenges in Log Analysis},
	Volume = {55},
	Year = {2012}}

@inproceedings{panichella2016parameterizing,
	Author = {Panichella, Annibale and Dit, Bogdan and Oliveto, Rocco and Di Penta, Massimiliano and Poshyvanyk, Denys and De Lucia, Andrea},
	Booktitle = {2016 23rd IEEE International Conference on Software Analysis, Evolution, and Reengineering (SANER)},
	Organization = {IEEE},
	Pages = {314--325},
	Title = {Parameterizing and Assembling IR-Based Solutions for SE Tasks Using Genetic Algorithms},
	Volume = {1},
	Year = {2016}}

@inproceedings{phillips2014understanding,
	Author = {Phillips, Shaun and Zimmermann, Thomas and Bird, Christian},
	Booktitle = {Proceedings of the 36th International Conference on Software Engineering (ICSE)},
	Organization = {ACM},
	Pages = {735--744},
	Title = {Understanding and Improving Software Build Teams},
	Year = {2014}}

@misc{phpunit2019logging,
	Howpublished = {https://phpunit.readthedocs.io/en/8.4/writing-tests-for-phpunit.html\#testing-output},
	Note = {Accessed: 2019-10-25},
	Title = {PHPUnit Testing Output}}

@inproceedings{polozov2015flashmeta:,
	Author = {Polozov, Oleksandr and Gulwani, Sumit},
	Booktitle = {ACM SIGPLAN Notices},
	Number = {10},
	Organization = {ACM},
	Pages = {107--126},
	Title = {Flashmeta: A Framework for Inductive Program Synthesis},
	Volume = {50},
	Year = {2015}}

@article{poshyvanyk2007feature,
	Author = {Poshyvanyk, Denys and Gueheneuc, Yann-Gael and Marcus, Andrian and Antoniol, Giuliano and Rajlich, Vaclav},
	Journal = {IEEE Transactions on Software Engineering},
	Number = {6},
	Pages = {420--432},
	Title = {Feature Location Using Probabilistic Ranking of Methods Based on Execution Scenarios and Information Retrieval},
	Volume = {33},
	Year = {2007}}

@misc{powershell2019convert,
	Howpublished = {https://docs.microsoft.com/de-de/previous-versions/powershell/module/Microsoft.PowerShell.Utility/ConvertFrom-String?view=powershell-5.0},
	Note = {Accessed: 2019-11-11},
	Title = {PowerShell ConvertFrom-String}}

@misc{prose2019webpage,
	Howpublished = {https://microsoft.github.io/prose/},
	Note = {Accessed: 2019-10-25},
	Title = {Microsoft Program Synthesis using Examples SDK}}

@inproceedings{rastkar2010summarizing,
	Author = {Rastkar, Sarah and Murphy, Gail C and Murray, Gabriel},
	Booktitle = {2010 32nd International Conference on Software Engineering (ICSE)},
	Organization = {IEEE},
	Pages = {505--514},
	Title = {Summarizing Software Artifacts: A Case Study of Bug Reports},
	Volume = {1},
	Year = {2010}}

@inproceedings{rausch2017empirical,
	Author = {Rausch, Thomas and Hummer, Waldemar and Leitner, Philipp and Schulte, Stefan},
	Booktitle = {Proceedings of the 14th International Conference on Mining Software Repositories (MSR)},
	Organization = {IEEE},
	Pages = {345--355},
	Title = {An Empirical Analysis of Build Failures in the Continuous Integration Workflows of Java-Based Open-Source Software},
	Year = {2017}}

@inproceedings{raza2017automated,
	Author = {Raza, Mohammad and Gulwani, Sumit},
	Booktitle = {2017 31st AAAI Conference on Artificial Intelligence},
	Title = {Automated Data Extraction Using Predictive Program Synthesis},
	Year = {2017}}

@inproceedings{reidemeister2011mining,
	Author = {Reidemeister, Thomas and Jiang, Miao and Ward, Paul AS},
	Booktitle = {2011 12th IFIP/IEEE International Symposium on Integrated Network Management (IM) and Workshops},
	Organization = {IEEE},
	Pages = {377--384},
	Title = {Mining Unstructured Log Files for Recurrent Fault Diagnosis},
	Year = {2011}}

@inproceedings{rolim2017learning,
	Author = {Rolim, Reudismam and Soares, Gustavo and D'Antoni, Loris and Polozov, Oleksandr and Gulwani, Sumit and Gheyi, Rohit and Suzuki, Ryo and Hartmann, Bj{\"o}rn},
	Booktitle = {Proceedings of the 39th International Conference on Software Engineering (ICSE)},
	Organization = {IEEE},
	Pages = {404--415},
	Title = {Learning Syntactic Program Transformations from Examples},
	Year = {2017}}

@misc{rspec2019format,
	Howpublished = {https://relishapp.com/rspec/rspec-core/v/2-5/docs/command-line/format-option\#documentation-format},
	Note = {Accessed: 2019-10-25},
	Title = {RSpect Output Format}}

@inproceedings{runeson2007detection,
	Author = {Runeson, Per and Alexandersson, Magnus and Nyholm, Oskar},
	Booktitle = {Proceedings of the 29th International Conference on Software Engineering (ICSE)},
	Organization = {IEEE},
	Pages = {499--510},
	Title = {Detection of Duplicate Defect Reports Using Natural Language Processing},
	Year = {2007}}

@inproceedings{salton1993approaches,
	Author = {Salton, Gerard and Allan, James and Buckley, Chris},
	Booktitle = {Proceedings of the 16th Annual International ACM SIGIR Conference on Research and Development in Information Retrieval},
	Organization = {ACM},
	Pages = {49--58},
	Title = {Approaches to Passage Retrieval in Full Text Information Systems},
	Year = {1993}}

@techreport{schermann2016empirical,
	Author = {Schermann, Gerald and Cito, J{\"u}rgen and Leitner, Philipp and Zdun, Uwe and Gall, Harald},
	Institution = {PeerJ Preprints},
	Title = {An Empirical Study on Principles and Practices of Continuous Delivery and Deployment},
	Year = {2016}}

@inproceedings{schermann2016towards,
	Author = {Schermann, Gerald and Cito, J{\"u}rgen and Leitner, Philipp and Gall, Harald C},
	Booktitle = {2016 24th IEEE international conference on program comprehension (ICPC)},
	Organization = {IEEE},
	Pages = {1--4},
	Title = {Towards Quality Gates in Continuous Delivery and Deployment},
	Year = {2016}}

@inproceedings{schutze2008introduction,
	Author = {Sch{\"u}tze, Hinrich and Manning, Christopher D and Raghavan, Prabhakar},
	Booktitle = {Proceedings of the International Communication of Association for Computing Machinery Conference},
	Pages = {260},
	Title = {Introduction to Information Retrieval},
	Year = {2008}}

@inproceedings{seo2014programmers,
	Author = {Seo, Hyunmin and Sadowski, Caitlin and Elbaum, Sebastian and Aftandilian, Edward and Bowdidge, Robert},
	Booktitle = {Proceedings of the 36th International Conference on Software Engineering (ICSE)},
	Organization = {ACM},
	Pages = {724--734},
	Title = {Programmers' Build Errors: A Case Study (At Google)},
	Year = {2014}}

@article{sharma2013survey,
	Author = {Sharma, Manish and Patel, Rahul},
	Journal = {International Journal of Emerging Technology and Advanced Engineering},
	Number = {11},
	Pages = {542--545},
	Title = {A Survey on Information Retrieval Models, Techniques and Applications},
	Volume = {3},
	Year = {2013}}

@inproceedings{smith1997information,
	Author = {Smith, Dan and Lopez, Mauricio},
	Booktitle = {Proceedings of the 1997 Workshop on Management of Semi-Structured Data},
	Organization = {Citeseer},
	Title = {Information Extraction for Semi-Structured Documents},
	Year = {1997}}

@article{soderland1999learning,
	Author = {Soderland, Stephen},
	Journal = {Machine Learning},
	Number = {1-3},
	Pages = {233--272},
	Title = {Learning Information Extraction Rules for Semi-Structured and Free Text},
	Volume = {34},
	Year = {1999}}

@article{staahl2014modeling,
	Author = {St{\aa}hl, Daniel and Bosch, Jan},
	Journal = {Journal of Systems and Software},
	Pages = {48--59},
	Title = {Modeling Continuous Integration Practice Differences in Industry Software Development},
	Volume = {87},
	Year = {2014}}

@inproceedings{stevenson2012grammatical,
	Author = {Stevenson, Andrew and Cordy, James R},
	Booktitle = {International Conference on Software Language Engineering},
	Organization = {Springer},
	Pages = {204--223},
	Title = {Grammatical Inference in Software Engineering: An Overview of the State of the Art},
	Year = {2012}}

@article{svingen1998learning,
	Author = {Svingen, Borge},
	Journal = {Proceedings of the Third Annual Genetic Programming Conference},
	Pages = {374--376},
	Title = {Learning Regular Languages Using Genetic Programming},
	Year = {1998}}

@misc{text2vec2019webpage,
	Howpublished = {http://text2vec.org/},
	Note = {Accessed: 2019-11-10},
	Title = {text2vec}}

@misc{travis2009buildstatus,
	Howpublished = {https://docs.travis-ci.com/user/job-lifecycle/\#breaking-the-build},
	Note = {Accessed: 2019-11-18},
	Title = {Travis Build Status}}

@misc{travis2019logfolds,
	Howpublished = {https://blog.travis-ci.com/2013-05-22-improving-build-visibility-log-folds},
	Note = {Accessed: 2019-11-18},
	Title = {Travis Log Folds}}

@misc{travisci2019apidoc,
	Howpublished = {https://developer.travis-ci.org/},
	Note = {Accessed: 2019-10-25},
	Title = {Travis CI API}}

@misc{travisci2019webpage,
	Howpublished = {https://travis-ci.org},
	Note = {Accessed: 2019-10-25},
	Title = {Travis CI}}

@inproceedings{vasilescu2015quality,
	Author = {Vasilescu, Bogdan and Yu, Yue and Wang, Huaimin and Devanbu, Premkumar and Filkov, Vladimir},
	Booktitle = {Proceedings of the 2015 10th Joint Meeting on Foundations of Software Engineering},
	Organization = {ACM},
	Pages = {805--816},
	Title = {Quality and productivity outcomes relating to continuous integration in GitHubQuality and Productivity Outcomes Relating to Continuous Integration in GitHub},
	Year = {2015}}

@inproceedings{vassallo2017a-tale,
	Author = {Vassallo, Carmine and Schermann, Gerald and Zampetti, Fiorella and Romano, Daniele and Leitner, Philipp and Zaidman, Andy and Di Penta, Massimiliano and Panichella, Sebastiano},
	Booktitle = {2017 33th IEEE International Conference on Software Maintenance and Evolution (ICSME)},
	Organization = {IEEE},
	Pages = {183--193},
	Title = {A Tale of CI Build Failures: An Open Source and a Financial Organization Perspective},
	Year = {2017}}

@inproceedings{vassallo2018continuous,
	Author = {Vassallo, Carmine and Palomba, Fabio and Gall, Harald C},
	Booktitle = {2018 34th IEEE International Conference on Software Maintenance and Evolution (ICSME)},
	Organization = {IEEE},
	Pages = {564--568},
	Title = {Continuous Refactoring in CI: A Preliminary Study on the Perceived Advantages and Barriers},
	Year = {2018}}

@inproceedings{vassallo2018un-break,
	Author = {Vassallo, Carmine and Proksch, Sebastian and Zemp, Timothy and Gall, Harald C},
	Booktitle = {Proceedings of the 26th Conference on Program Comprehension},
	Organization = {ACM},
	Pages = {41--51},
	Title = {Un-Break My Build: Assisting Developers with Build Repair Hints},
	Year = {2018}}

@inproceedings{vassallo2019automated,
	Author = {Vassallo, Carmine and Proksch, Sebastian and Gall, Harald C and Di Penta, Massimiliano},
	Booktitle = {Proceedings of the 41st International Conference on Software Engineering (ICSE)},
	Organization = {IEEE},
	Pages = {105--115},
	Title = {Automated Reporting of Anti-Patterns and Decay in Continuous Integration},
	Year = {2019}}

@article{vassallo2019every,
	Author = {Vassallo, Carmine and Proksch, Sebastian and Zemp, Timothy and Gall, Harald C},
	Journal = {Empirical Software Engineering},
	Pages = {1--40},
	Title = {Every Build You Break: Developer-Oriented Assistance for Build Failure Resolution},
	Year = {2019}}

@inproceedings{vos2014fittest,
	Author = {Vos, Tanja and Tonella, Paolo and Prasetya, Wishnu and Kruse, Peter M and Bagnato, Alessandra and Harman, Mark and Shehory, Onn},
	Booktitle = {2014 Software Evolution Week-IEEE Conference on Software Maintenance, Reengineering, and Reverse Engineering (CSMR-WCRE)},
	Organization = {IEEE},
	Pages = {407--410},
	Title = {FITTEST: A New Continuous and Automated Testing Process for Future Internet Applications},
	Year = {2014}}

@inproceedings{wang2019exploring,
	Author = {Wang, Peipei and Bai, Gina R and Stolee, Kathryn T},
	Booktitle = {2019 26th IEEE International Conference on Software Analysis, Evolution and Reengineering (SANER)},
	Organization = {IEEE},
	Pages = {502--513},
	Title = {Exploring Regular Expression Evolution},
	Year = {2019}}

@article{xi2010a-context-free,
	Author = {Xi, Qian and Walker, David},
	Journal = {ACM SIGPLAN Notices},
	Number = {6},
	Pages = {221--232},
	Title = {A Context-free Markup Language for Semi-Structured Text},
	Volume = {45},
	Year = {2010}}

@inproceedings{xu2009detecting,
	Author = {Xu, Wei and Huang, Ling and Fox, Armando and Patterson, David and Jordan, Michael I},
	Booktitle = {Proceedings of the ACM SIGOPS 22nd Symposium on Operating Systems Principles},
	Organization = {ACM},
	Pages = {117--132},
	Title = {Detecting Large-Scale System Problems by Mining Console Logs},
	Year = {2009}}

@misc{xunit2019schema,
	Howpublished = {https://google.github.io/rich-test-results/xunitxml},
	Note = {Accessed: 2019-10-25},
	Title = {xUnit XML Schema (unofficial)}}

@inproceedings{yessenov2013a-colorful,
	Author = {Yessenov, Kuat and Tulsiani, Shubham and Menon, Aditya and Miller, Robert C and Gulwani, Sumit and Lampson, Butler and Kalai, Adam},
	Booktitle = {Proceedings of the 26th Annual ACM Symposium on User Interface Software and Technology},
	Organization = {ACM},
	Pages = {495--504},
	Title = {A Colorful Approach to Text Processing by Example},
	Year = {2013}}

@inproceedings{yuan2012characterizing,
	Author = {Yuan, Ding and Park, Soyeon and Zhou, Yuanyuan},
	Booktitle = {Proceedings of the 34th International Conference on Software Engineering (ICSE)},
	Organization = {IEEE},
	Pages = {102--112},
	Title = {Characterizing Logging Practices in Open-Source Software},
	Year = {2012}}

@inproceedings{zampetti2017open,
	Author = {Zampetti, Fiorella and Scalabrino, Simone and Oliveto, Rocco and Canfora, Gerardo and Di Penta, Massimiliano},
	Booktitle = {2017 14th IEEE/ACM International Conference on Mining Software Repositories (MSR)},
	Organization = {IEEE},
	Pages = {334--344},
	Title = {How Open Source Projects Use Static Code Analysis Tools in Continuous Integration Pipelines},
	Year = {2017}}

@inproceedings{zolfagharinia2017not,
	Author = {Zolfagharinia, Mahdis and Adams, Bram and Gu{\'e}h{\'e}nuc, Yann-Ga{\"e}l},
	Booktitle = {2017 14th IEEE/ACM International Conference on Mining Software Repositories (MSR)},
	Organization = {IEEE},
	Pages = {312--322},
	Title = {Do Not Trust Build Results at Face Value-An Empirical Study of 30 Million CPAN Builds},
	Year = {2017}}
